@Article{Art1,
author = {张宇成，王潮涌},
title = {基于STM32和OpenMV的图形识别与测量系统},
journal = {期刊名},
year = {2015},
month = {6},
volume = {23},
number = {9},
pages = {1-13}
}

@Article{Art2,
author = {张宇成，王潮涌},
title = {郊外低对比度图像线特征提取算法研究},
journal = {期刊名},
year = {2015},
month = {6},
volume = {23},
number = {9},
pages = {1-13}
}

@Article{ArtE1,
author = {Chinedu Amata Amadi},
title = {Design and Implementation of Model Predictive Control on Pixhawk Flight Controller},
journal = {Journal Name},
year = {2018},
month = {6},
volume = {23},
number = {9},
pages = {1-13}
}

@Article{ArtE2,
author = {Golnaraghi, F, and Kuo, B.C.},
title = {Automatic Control Systems},
journal = {Journal Name},
year = {2015},
month = {6},
volume = {23},
number = {9},
pages = {1-13}
}

@Article{ArtE3,
author = {Jinchun Zhou},
title = {EKF Based Object Detect and Tracking for UAV by Using Visual-Attention-Model},
journal = {Journal Name},
year = {2014},
month = {6},
volume = {23},
number = {9},
pages = {1-13}
}

@Article{ArtE4,
author = {Anis Koubâa, Azza Allouch, Maram Alajlan, Yasir Javed, Abdelfettah Belghith, Mohamed Khalgui},
title = {Micro Air Vehicle Link (MAVlink) in a Nutshell: A Survey},
journal = {Journal Name},
year = {2019},
month = {6},
volume = {23},
number = {9},
pages = {1-13}
}

@Article{ArtE5,
author = {Cristian Ramirez-Atencia, David Camacho},
title = {Extending QGroundControl for Automated Mission Planning of UAVs},
journal = {Journal Name},
year = {2018},
month = {6},
volume = {23},
number = {9},
pages = {1-13}
}

@Article{Art3,
author = {王槊华},
title = {显式模型预测控制的研究及应用},
journal = {Journal Name},
year = {2018},
month = {6},
volume = {23},
number = {9},
pages = {1-13}
}

@Article{Art4,
author = {郑海兵},
title = {广义预测控制改进算法的仿真研究},
journal = {Journal Name},
year = {2018},
month = {6},
volume = {23},
number = {9},
pages = {1-13}
}

@Article{ArtE6,
author = {Grujic, I. and Nilsson, R.},
title = {Model-based Development and Evaluation of Control for Complex Multi-domain Systems: Attitude Control for a Quadrotor UAV},
journal = {Journal Name},
year = {2016},
month = {6},
volume = {23},
number = {9},
pages = {1-13}
}

@Article{ArtE7,
author = {Habib, M.K., Abdelaal, W.G.A., Saad, M.S. et al.},
title = {Dynamic Modeling and Control of a Quadrotor Using Linear and Nonlinear Approaches},
journal = {Journal Name},
year = {2014},
month = {6},
volume = {23},
number = {9},
pages = {1-13}
}

@Article{ArtE8,
author = {Yang Wang and Stephen Boyd},
title = {Fast Model Predictive Control Using Online Optimization},
journal = {Journal Name},
year = {2014},
month = {6},
volume = {23},
number = {9},
pages = {1-13}
}

@Article{Art5,
author = {王红月},
title = {电力系统TCBR非线性预测控制},
journal = {Journal Name},
year = {2018},
month = {6},
volume = {23},
number = {9},
pages = {1-13}
}

@Article{Art6,
author = {李勋；张伟军；徐智卿；黄顺舟},
title = {狭小空间内孔高测量机器人设计及视觉定位方法研究},
journal = {Journal Name},
year = {2016},
month = {6},
volume = {23},
number = {9},
pages = {1-13}
}
